%%% LHCb detector and operations performance papers
%%%%%%%%%%%%%%%%%%%%%%%%%%%%%%%%%%%%%%%%%%%%%%%%%%%%%%%%%%%%%%%%%%%%%%
%                                                                    %
% !!!!!!!!!!!!!!!!!!! DO NOT EDIT THIS FILE !!!!!!!!!!!!!!!!!!!!!!!! %
%                                                                    %
% THE EB MAY OVERWRITE IT TO REFLECT LATEST CHANGES IN THE TEMPLATE  %
%%%%%%%%%%%%%%%%%%%%%%%%%%%%%%%%%%%%%%%%%%%%%%%%%%%%%%%%%%%%%%%%%%%%%%
% JINST
      year           = "2019",
      journal        = "JINST",
      volume         = "10",
      pages          = "P10005",
      doi            = "10.1088/1748-0221/10/10/P10005",

% copy and add ampersand
 article{LHCb-DP-2019-XXX,
      author         = "Roel Aaij and others",
      title         = "{}",
      eprint         = "",
      archivePrefix  = "arXiv",
      primaryClass   = "hep-ex",
      report         = "LHCb-DP-2019-XXX",
      year           = "2019",
      note           = "{in preparation}",
      }
      
 @article{LHCb-DP-2021-001,
      author         = "Roel Aaij and others",
      title         = "{Centrality determination in heavy-ion collisions with the LHCb detector}",
      eprint         = "",
      archivePrefix  = "arXiv",
      primaryClass   = "hep-ex",
      report         = "LHCb-DP-2021-001",
      year           = "2021",
      note           = "{in preparation}",
}
 
 @article{LHCb-DP-2020-003,
      author         = "Roel Aaij and others",
      title         = "{}",
      eprint         = "",
      archivePrefix  = "arXiv",
      primaryClass   = "hep-ex",
      report         = "LHCb-DP-2020-003",
      year           = "2020",
      note           = "{in preparation}",
      }

 @article{LHCb-DP-2020-002,
      author         = "Lucio Anderlini and others",
      title         = "{Muon identification for LHCb Run 3}",
      eprint         = "2008.01579",
      archivePrefix  = "arXiv",
      primaryClass   = "hep-ex",
      report         = "LHCb-DP-2020-002",
      year           = "2020",
      journal        = "JINST",
      volume         = "15",
      pages          = "T12005",
      doi            = "10.1088/1748-0221/15/12/T12005",      
      }
      
 @article{LHCb-DP-2020-001,
      author         = "Abellan Beteta, C. and others",
      title         = "{Calibration and performance of the LHCb calorimeters in Run 1 and 2 at the LHC}",
      eprint         = "2008.11556",
      archivePrefix  = "arXiv",
      primaryClass   = "hep-ex",
      report         = "LHCb-DP-2020-001",
      year           = "2020",
      note           = "{submitted to JINST}",
     }

  @article{LHCb-DP-2019-006,
      author         = "Roel Aaij and others",
      title         = "{}",
      eprint         = "",
      archivePrefix  = "arXiv",
      primaryClass   = "hep-ex",
      report         = "LHCb-DP-2019-006",
      year           = "2019",
      note           = "{in preparation}",
      }

 @article{LHCb-DP-2019-005,
      author         = "Roel Aaij and others",
      title         = "{}",
      eprint         = "",
      archivePrefix  = "arXiv",
      primaryClass   = "hep-ex",
      report         = "LHCb-DP-2019-004",
      year           = "2019",
      note           = "{in preparation}",
      }

@article{LHCb-DP-2019-004,
      author         = "Sean Benson and Adri{\'a}n {Casais Vidal} and Xabier {Cid Vidal} and Albert {Puig Navarro}",
      title         = "{Real-time discrimination of photon pairs using machine learning at the LHC}",
      eprint         = "1906.09058",
      archivePrefix  = "arXiv",
      primaryClass   = "hep-ex",
      report         = "LHCb-DP-2019-004",
      year           = "2019",
      note           = "{submitted to sciPost Physics}",
      }

@article{LHCb-DP-2019-003,
      author         = "Roel Aaij and others",
      collaboration  = "LHCb collaboration",
      title         = "{Measurement of the electron reconstruction efficiency at LHCb}",
      eprint         = "1909.02957",
      archivePrefix  = "arXiv",
      primaryClass   = "hep-ex",
      report         = "LHCb-DP-2019-003 CERN-EP-2019-181",
      year           = "2019",
      journal        = "JINST",
      volume         = "14",
      pages          = "P11023",
      doi            = "10.1088/1748-0221/14/11/P11023",
      }

@article{LHCb-DP-2019-002,
      author         = "Roel Aaij and others",
      title         = "{A comprehensive real-time analysis model at the LHCb experiment}",
      eprint         = "1903.01360",
      archivePrefix  = "arXiv",
      primaryClass   = "hep-ex",
      report         = "LHCb-DP-2019-002",
      year           = "2019",
      journal        = "JINST",
      volume         = "14",
      pages          = "P04006",
      doi            = "10.1088/1748-0221/14/04/P04006",
      }

@article{LHCb-DP-2019-001,
      author         = "Roel Aaij and others",
      title         = "{Performance of the LHCb trigger and full real-time  reconstruction in Run 2 of the LHC}",
      eprint         = "1812.10790",
      archivePrefix  = "arXiv",
      primaryClass   = "hep-ex",
      number         = "LHCb-DP-2019-001",
      year           = "2019",
      journal        = "JINST",
      volume         = "14",
      pages          = "P04013",
      doi            = "10.1088/1748-0221/14/04/P04013",
      }

@article{LHCb-DP-2018-004,
      author         = "Dominik M{\"u}ller and Marco Clemencic and Gloria Corti and Marco Gersabeck",
      title         = "{ReDecay: A novel approach to speed up the simulation at LHCb}",
      eprint         = "1810.10362",
      archivePrefix  = "arXiv",
      primaryClass   = "hep-ex",
      report         = "LHCb-DP-2018-004",
      year           = "2018",
      journal        = "Eur. Phys. J.",
      volume         = "C78",
      pages          = "1009",
      doi            = "10.1140/epjc/s10052-018-6469-6",
      }

@article{LHCb-DP-2018-003,
      author         = "Abellan Beteta, C. and others",
      title          = "{Monitoring radiation damage in the LHCb Tracker
                        Turicensis}",
      year           = "2018",
      eprint         = "1809.05063",
      archivePrefix  = "arXiv",
      primaryClass   = "physics.ins-det",
      report         = "LHCb-DP-2018-003",
}

@article{LHCb-DP-2018-002,
      author         = "Alexander, M. and others",
      title          = "{Mapping the material in the LHCb vertex locator using secondary hadronic interactions}",
      eprint         = "1803.07466",
      archivePrefix  = "arXiv",
      primaryClass   = "physics.ins-det",
      report         = "LHCb-DP-2018-002",
      year           = "2018",
      journal        = "JINST",
      volume         = "13",
      pages          = "P06008",
      doi            = "10.1088/1748-0221/13/06/P06008",
}

@article{LHCb-DP-2018-001,
      author         = "Aaij, R. and others",
      title          = "{Selection and processing of calibration samples to measure the particle identification performance of the LHCb experiment in Run 2}",
      eprint         = "1803.00824",
      archivePrefix  = "arXiv",
      primaryClass   = "hep-ex",
      report         = "LHCb-DP-2018-001",
      year           = "2019",
      journal        = "Eur. Phys. J. Tech. Instr.",
      volume         = "6",
      pages          = "1",
      doi            = "10.1140/epjti/s40485-019-0050-z",
}

@article{LHCb-DP-2017-001,
      author         = "d'Argent, Ph. and others",
      title          = "{Improved performance of the LHCb Outer Tracker in LHC
                        Run 2}",
      year           = "2017",
      eprint         = "1708.00819",
      archivePrefix  = "arXiv",
      primaryClass   = "physics.ins-det",
      report         = "LHCb-DP-2017-001",
      journal        = "JINST",
      volume         = "12",
      pages          = "P11016",
      doi            = "10.1088/1748-0221/12/11/P11016",
}

@article{LHCb-DP-2016-003,
      author         = "Carvalho Akiba, K. and others",
      title          = "{The HeRSCheL detector: high-rapidity shower counters for LHCb}",
      year           = "2018",
      eprint         = "1801.04281",
      archivePrefix  = "arXiv",
      primaryClass   = "physics.ins-det",
      report         = "LHCb-DP-2016-003",
      journal        = "JINST",
      volume         = "13",
      number         = "04",
      pages          = "P04017",
      doi            = "10.1088/1748-0221/13/04/P04017",
}

@article{LHCb-DP-2016-001,
      author         = "Aaij, R. and others",
      title          = "{Tesla: an application for real-time data analysis in High Energy Physics}",
      eprint         = "1604.05596",
      archivePrefix  = "arXiv",
      primaryClass   = "physics.ins-det",
      report         = "LHCB-DP-2016-001",
      journal        = "Comput. Phys. Commun.",
      volume         = "208",
      year           = "2016",
      pages          = "35-42",
      doi            = "10.1016/j.cpc.2016.07.022",
}

@article{LHCb-DP-2014-002,
      author         = "Aaij, R. and others",
      title          = "{LHCb detector performance}",
      collaboration  = "LHCb collaboration",
      journal        = "Int. J. Mod. Phys.",
      volume         = "A30",
      pages          = "1530022",
      doi            = "10.1142/S0217751X15300227",
      year           = "2015",
      eprint         = "1412.6352",
      archivePrefix  = "arXiv",
      primaryClass   = "hep-ex",
      report         = "LHCB-DP-2014-002, CERN-PH-EP-2014-290",
}

@article{LHCb-DP-2014-001,
      author         = "Aaij, R. and others",
      title          = "{Performance of the LHCb Vertex Locator}",
      journal        = "JINST",
      volume         = "9",
      pages          = "P09007",
      doi            = "10.1088/1748-0221/9/09/P09007",
      year           = "2014",
      eprint         = "1405.7808",
      archivePrefix  = "arXiv",
      primaryClass   = "physics.ins-det",
      report         = "LHCB-DP-2014-001",
}

@article{LHCb-DP-2013-003,
      author         = "Arink, R. and others",
      title          = "{Performance of the LHCb Outer Tracker}",
      journal        = "JINST",
      volume         = "9",
      pages          = "P01002",
      doi            = "10.1088/1748-0221/9/01/P01002",
      year           = "2014",
      eprint         = "1311.3893",
      archivePrefix  = "arXiv",
      primaryClass   = "physics.ins-det",
      report         = "LHCB-DP-2013-003",
}

@article{LHCb-DP-2013-002,
      author         = "Aaij, R. and others",
      title          = "{Measurement of the track reconstruction efficiency at LHCb}",
      collaboration  = "LHCb collaboration",
      journal        = "JINST",
      volume         = "10",
      pages          = "P02007",
      doi            = "10.1088/1748-0221/10/02/P02007",
      year           = "2015",
      eprint         = "1408.1251",
      archivePrefix  = "arXiv",
      primaryClass   = "hep-ex",
      report         = "CERN-LHCB-DP-2013-002",
}

@article{LHCb-DP-2013-001,
      author         = "Archilli, F. and others",	
      title          = "{Performance of the muon identification at LHCb}",
      journal        = "JINST",
      volume         = "8",
      pages          = "P10020",
      doi            = "10.1088/1748-0221/8/10/P10020",
      year           = "2013",
      eprint         = "1306.0249",
      archivePrefix  = "arXiv",
      primaryClass   = "physics.ins-det",
      report         = "LHCb-DP-2013-001",
}

@article{LHCb-DP-2012-005,
      author         = "Affolder, A. and others",	
      title          = "{Radiation damage in the LHCb vertex locator}",
      journal        = "JINST",
      volume         = "8",
      pages          = "P08002",
      doi            = "10.1088/1748-0221/8/08/P08002",
      year           = "2013",
      eprint         = "1302.5259",
      archivePrefix  = "arXiv",
      primaryClass   = "physics.ins-det",
      report         = "LHCb-DP-2012-005",
}

@article{LHCb-DP-2012-004,
      author         = "Aaij, R. and others",
      title          = "{The \lhcb trigger and its performance in 2011}",
      journal        = "JINST",
      volume         = "8",
      pages          = "P04022",
      doi            = "10.1088/1748-0221/8/04/P04022",
      year           = "2013",
      eprint         = "1211.3055",
      archivePrefix  = "arXiv",
      primaryClass   = "hep-ex",
      report         = "LHCb-DP-2012-004",
}

@article{LHCb-DP-2012-003,
      author         = "Adinolfi, M. and others",
      title          = "{Performance of the \lhcb RICH detector at the LHC}",
      journal        = "Eur. Phys. J.",
      volume         = "C73",
      pages          = "2431",
      doi            = "10.1140/epjc/s10052-013-2431-9",
      year           = "2013",
      eprint         = "1211.6759",
      archivePrefix  = "arXiv",
      primaryClass   = "physics.ins-det",
      report         = "LHCb-DP-2012-003",
}

@article{LHCb-DP-2012-002,
      author       = "Alves Jr., A A and others",
      title        = "{Performance of the LHCb muon system}",
      journal      = "JINST",
      volume       = "8",
      pages        = "P02022",
      doi          = "10.1088/1748-0221/8/02/P02022",
      year         = "2013",
      eprint       = "1211.1346",
      archivePrefix= "arXiv",
      primaryClass = "physics.ins-det",
      report       = "LHCb-DP-2012-002",
}

@article{LHCb-DP-2012-001,
      author       = "van Eijk, D and others",
      title        = "{Radiation hardness of the LHCb Outer Tracker}",
      journal      = "Nucl. Instrum. Meth.",
      volume       = "A685",
      pages        = "62-69",
      year         = "2012",
      doi          = "10.1016/j.nima.2012.05.033",
      report       = "LHCb-DP-2012-001",
}

% make this one an LHCb report (only available on CDS?)
@article{LHCb-DP-2011-002,
      author       = "Appleby, R B and others",
      title        = "{Simulation of machine induced background in the LHCb experiment: methodology and implementation}",
      journal      = "IEEE Trans. Nucl. Sci.",
      volume       = "59",
      pages        = "1681",
      year         = "2012",
      doi          = "10.1109/TNS.2012.2202402",
      report       = "LHCb-DP-2011-002",
}

@article{LHCb-DP-2011-001,
      author       = "Anelli, M and others",
      title        = "{Performance of the LHCb muon system with cosmic rays}",
      journal      = "JINST",
      volume       = "5",
      pages        = "P10003",
      doi          = "10.1088/1748-0221/5/10/P10003",
      year         = "2010",
      eprint         = "1009.1963",
      archivePrefix  = "arXiv",
      primaryClass   = "physics.ins-det",
      report         = "LHCb-DP-2011-001",
}

@article{LHCb-DP-2010-001,
      author         = "Borghi, S. and others",
      title          = "{First spatial alignment of the LHCb VELO and analysis of beam absorber collision data}",
      journal        = "Nucl. Instrum. Meth.",
      volume         = "A618",
      pages          = "108-120",
      doi            = "10.1016/j.nima.2010.02.109",
      year           = "2010",
      report         = "LHCb-DP-2010-001",
}

% The LHCb detector paper (used to be Alves:2008zz)
@article{LHCb-DP-2008-001,
      author         = "Alves~Jr., A. A. and others",
      title          = "{The \lhcb detector at the LHC}",
      collaboration  = "LHCb collaboration",
      journal        = "JINST",
      volume         = "3",
      pages          = "S08005",
      doi            = "10.1088/1748-0221/3/08/S08005",
      year           = "2008",
      number         = "LHCb-DP-2008-001",
}

%%%%%%%%%%%%%%%%%%%%%%%%%%%%%%%%%%%%%%%%%%%%%%%%%%%%%%%%%%%%%%%%%%%%%%
%                                                                    %
% !!!!!!!!!!!!!!!!!!! DO NOT EDIT THIS FILE !!!!!!!!!!!!!!!!!!!!!!!! %
%                                                                    %
% THE EB MAY OVERWRITE IT TO REFLECT LATEST CHANGES IN THE TEMPLATE  %
%%%%%%%%%%%%%%%%%%%%%%%%%%%%%%%%%%%%%%%%%%%%%%%%%%%%%%%%%%%%%%%%%%%%%%
