
@article{beaucourt_study_nodate,
	title = {Study of {B0} -{\textgreater} {K}*0 gamma, {Bs0} -{\textgreater} phi gamma and {Bs0} -{\textgreater} {K}*0 gamma decays using converted photons with the {LHCb} detector},
	language = {en},
	author = {Beaucourt, Leo},
	keywords = {B0 to K0* and photon decay},
	pages = {181},
	file = {Beaucourt - Study of B0 - K0 gamma, Bs0 - phi gamma and Bs0.pdf:files/1/Beaucourt - Study of B0 - K0 gamma, Bs0 - phi gamma and Bs0.pdf:application/pdf},
}

@article{noauthor_first_nodate,
	title = {First {Measurements} of {Radiative} {B} {Decays} in {LHCb}},
	language = {en},
	pages = {210},
	file = {First Measurements of Radiative B Decays in LHCb.pdf:files/3/First Measurements of Radiative B Decays in LHCb.pdf:application/pdf},
}

@article{lhcb_collaboration_measurement_2013,
	title = {Measurement of the ratio of branching fractions {BR}({B0} -{\textgreater} {K}*0 gamma)/{BR}({Bs0} -{\textgreater} phi gamma) and the direct {CP} asymmetry in {B0} -{\textgreater} {K}*0 gamma},
	volume = {867},
	issn = {05503213},
	url = {http://arxiv.org/abs/1209.0313},
	doi = {10.1016/j.nuclphysb.2012.09.013},
	abstract = {The ratio of branching fractions of the radiative B decays B0 -{\textgreater} K*0 gamma and Bs0 phi gamma has been measured using an integrated luminosity of 1.0 fb-1 of pp collision data collected by the LHCb experiment at a centre-of-mass energy of sqrt(s)=7 TeV. The value obtained is BR(B0 -{\textgreater} K*0 gamma)/BR(Bs0 -{\textgreater} phi gamma) = 1.23 +/- 0.06(stat.) +/- 0.04(syst.) +/- 0.10(fs/fd), where the first uncertainty is statistical, the second is the experimental systematic uncertainty and the third is associated with the ratio of fragmentation fractions fs/fd. Using the world average value for BR(B0 -{\textgreater} K*0 gamma), the branching fraction BR(Bs0 -{\textgreater} phi gamma) is measured to be (3.5 +/- 0.4) x 10{\textasciicircum}\{-5\}. The direct CP asymmetry in B0 -{\textgreater} K*0 gamma decays has also been measured with the same data and found to be A(CP)(B0 -{\textgreater} K*0 gamma) = (0.8 +/- 1.7(stat.) +/- 0.9(syst.))\%. Both measurements are the most precise to date and are in agreement with the previous experimental results and theoretical expectations.},
	number = {1},
	urldate = {2022-05-12},
	journal = {Nuclear Physics B},
	author = {LHCb collaboration and Aaij, R. and Beteta, C. Abellan and Adametz, A. and Adeva, B. and Adinolfi, M. and Adrover, C. and Affolder, A. and Ajaltouni, Z. and Albrecht, J. and Alessio, F. and Alexander, M. and Ali, S. and Alkhazov, G. and Cartelle, P. Alvarez and Alves Jr, A. A. and Amato, S. and Amhis, Y. and Anderlini, L. and Anderson, J. and Appleby, R. B. and Gutierrez, O. Aquines and Archilli, F. and Artamonov, A. and Artuso, M. and Aslanides, E. and Auriemma, G. and Bachmann, S. and Back, J. J. and Baesso, C. and Balagura, V. and Baldini, W. and Barlow, R. J. and Barschel, C. and Barsuk, S. and Barter, W. and Bates, A. and Bauer, C. and Bauer, Th and Bay, A. and Beddow, J. and Bediaga, I. and Belogurov, S. and Belous, K. and Belyaev, I. and Ben-Haim, E. and Benayoun, M. and Bencivenni, G. and Benson, S. and Benton, J. and Berezhnoy, A. and Bernet, R. and Bettler, M.-O. and van Beuzekom, M. and Bien, A. and Bifani, S. and Bird, T. and Bizzeti, A. and Bjørnstad, P. M. and Blake, T. and Blanc, F. and Blanks, C. and Blouw, J. and Blusk, S. and Bobrov, A. and Bocci, V. and Bondar, A. and Bondar, N. and Bonivento, W. and Borghi, S. and Borgia, A. and Bowcock, T. J. V. and Bozzi, C. and Brambach, T. and Brand, J. van den and Bressieux, J. and Brett, D. and Britsch, M. and Britton, T. and Brook, N. H. and Brown, H. and Büchler-Germann, A. and Burducea, I. and Bursche, A. and Buytaert, J. and Cadeddu, S. and Callot, O. and Calvi, M. and Gomez, M. Calvo and Camboni, A. and Campana, P. and Carbone, A. and Carboni, G. and Cardinale, R. and Cardini, A. and Carson, L. and Akiba, K. Carvalho and Casse, G. and Cattaneo, M. and Cauet, Ch and Charles, M. and Charpentier, Ph and Chen, P. and Chiapolini, N. and Chrzaszcz, M. and Ciba, K. and Vidal, X. Cid and Ciezarek, G. and Clarke, P. E. L. and Clemencic, M. and Cliff, H. V. and Closier, J. and Coca, C. and Coco, V. and Cogan, J. and Cogneras, E. and Collins, P. and Comerma-Montells, A. and Contu, A. and Cook, A. and Coombes, M. and Corti, G. and Couturier, B. and Cowan, G. A. and Craik, D. and Cunliffe, S. and Currie, R. and D'Ambrosio, C. and David, P. and David, P. N. Y. and De Bonis, I. and De Bruyn, K. and De Capua, S. and De Cian, M. and De Miranda, J. M. and De Paula, L. and De Simone, P. and Decamp, D. and Deckenhoff, M. and Degaudenzi, H. and Del Buono, L. and Deplano, C. and Derkach, D. and Deschamps, O. and Dettori, F. and Dickens, J. and Dijkstra, H. and Batista, P. Diniz and Bonal, F. Domingo and Donleavy, S. and Dordei, F. and Suárez, A. Dosil and Dossett, D. and Dovbnya, A. and Dupertuis, F. and Dzhelyadin, R. and Dziurda, A. and Dzyuba, A. and Easo, S. and Egede, U. and Egorychev, V. and Eidelman, S. and van Eijk, D. and Eisele, F. and Eisenhardt, S. and Ekelhof, R. and Eklund, L. and Rifai, I. El and Elsasser, Ch and Elsby, D. and Pereira, D. Esperante and Falabella, A. and Färber, C. and Fardell, G. and Farinelli, C. and Farry, S. and Fave, V. and Albor, V. Fernandez and Rodrigues, F. Ferreira and Ferro-Luzzi, M. and Filippov, S. and Fitzpatrick, C. and Fontana, M. and Fontanelli, F. and Forty, R. and Francisco, O. and Frank, M. and Frei, C. and Frosini, M. and Furcas, S. and Torreira, A. Gallas and Galli, D. and Gandelman, M. and Gandini, P. and Gao, Y. and Garnier, J.-C. and Garofoli, J. and Tico, J. Garra and Garrido, L. and Gascon, D. and Gaspar, C. and Gauld, R. and Gersabeck, E. and Gersabeck, M. and Gershon, T. and Ghez, Ph and Gibson, V. and Gligorov, V. V. and Göbel, C. and Golubkov, D. and Golutvin, A. and Gomes, A. and Gordon, H. and Gándara, M. Grabalosa and Diaz, R. Graciani and Cardoso, L. A. Granado and Graugés, E. and Graziani, G. and Grecu, A. and Greening, E. and Gregson, S. and Grünberg, O. and Gui, B. and Gushchin, E. and Guz, Yu and Gys, T. and Hadjivasiliou, C. and Haefeli, G. and Haen, C. and Haines, S. C. and Hall, S. and Hampson, T. and Hansmann-Menzemer, S. and Harnew, N. and Harnew, S. T. and Harrison, J. and Harrison, P. F. and Hartmann, T. and He, J. and Heijne, V. and Hennessy, K. and Henrard, P. and Morata, J. A. Hernando and van Herwijnen, E. and Hicks, E. and Hill, D. and Hoballah, M. and Hopchev, P. and Hulsbergen, W. and Hunt, P. and Huse, T. and Hussain, N. and Huston, R. S. and Hutchcroft, D. and Hynds, D. and Iakovenko, V. and Ilten, P. and Imong, J. and Jacobsson, R. and Jaeger, A. and Hussein, M. Jahjah and Jans, E. and Jansen, F. and Jaton, P. and Jean-Marie, B. and Jing, F. and John, M. and Johnson, D. and Jones, C. R. and Jost, B. and Kaballo, M. and Kandybei, S. and Karacson, M. and Karbach, T. M. and Keaveney, J. and Kenyon, I. R. and Kerzel, U. and Ketel, T. and Keune, A. and Khanji, B. and Kim, Y. M. and Knecht, M. and Kochebina, O. and Komarov, I. and Koopman, R. F. and Koppenburg, P. and Korolev, M. and Kozlinskiy, A. and Kravchuk, L. and Kreplin, K. and Kreps, M. and Krocker, G. and Krokovny, P. and Kruse, F. and Kucharczyk, M. and Kudryavtsev, V. and Kvaratskheliya, T. and La Thi, V. N. and Lacarrere, D. and Lafferty, G. and Lai, A. and Lambert, D. and Lambert, R. W. and Lanciotti, E. and Lanfranchi, G. and Langenbruch, C. and Latham, T. and Lazzeroni, C. and Gac, R. Le and van Leerdam, J. and Lees, J.-P. and Lefévre, R. and Leflat, A. and Lefrançois, J. and Leroy, O. and Lesiak, T. and Li, L. and Li, Y. and Gioi, L. Li and Lieng, M. and Liles, M. and Lindner, R. and Linn, C. and Liu, B. and Liu, G. and von Loeben, J. and Lopes, J. H. and Asamar, E. Lopez and Lopez-March, N. and Lu, H. and Luisier, J. and Mac Raighne, A. and Machefert, F. and Machikhiliyan, I. V. and Maciuc, F. and Maev, O. and Magnin, J. and Malde, S. and Mamunur, R. M. D. and Manca, G. and Mancinelli, G. and Mangiafave, N. and Marconi, U. and Märki, R. and Marks, J. and Martellotti, G. and Martens, A. and Martin, L. and Sánchez, A. Martín and Martinelli, M. and Santos, D. Martinez and Massafferri, A. and Mathe, Z. and Matteuzzi, C. and Matveev, M. and Maurice, E. and Mazurov, A. and McCarthy, J. and McGregor, G. and McNulty, R. and Meissner, M. and Merk, M. and Merkel, J. and Milanes, D. A. and Minard, M.-N. and Rodriguez, J. Molina and Monteil, S. and Moran, D. and Morawski, P. and Mountain, R. and Mous, I. and Muheim, F. and Müller, K. and Muresan, R. and Muryn, B. and Muster, B. and Mylroie-Smith, J. and Naik, P. and Nakada, T. and Nandakumar, R. and Nasteva, I. and Needham, M. and Neufeld, N. and Nguyen, A. D. and Nguyen-Mau, C. and Nicol, M. and Niess, V. and Nikitin, N. and Nikodem, T. and Nomerotski, A. and Novoselov, A. and Oblakowska-Mucha, A. and Obraztsov, V. and Oggero, S. and Ogilvy, S. and Okhrimenko, O. and Oldeman, R. and Orlandea, M. and Goicochea, J. M. Otalora and Owen, P. and Pal, B. K. and Palano, A. and Palutan, M. and Panman, J. and Papanestis, A. and Pappagallo, M. and Parkes, C. and Parkinson, C. J. and Passaleva, G. and Patel, G. D. and Patel, M. and Patrick, G. N. and Patrignani, C. and Pavel-Nicorescu, C. and Alvarez, A. Pazos and Pellegrino, A. and Penso, G. and Altarelli, M. Pepe and Perazzini, S. and Perego, D. L. and Trigo, E. Perez and Yzquierdo, A. Pérez-Calero and Perret, P. and Perrin-Terrin, M. and Pessina, G. and Petrolini, A. and Phan, A. and Olloqui, E. Picatoste and Valls, B. Pie and Pietrzyk, B. and Pilař, T. and Pinci, D. and Playfer, S. and Casasus, M. Plo and Polci, F. and Polok, G. and Poluektov, A. and Polycarpo, E. and Popov, D. and Popovici, B. and Potterat, C. and Powell, A. and Prisciandaro, J. and Pugatch, V. and Navarro, A. Puig and Qian, W. and Rademacker, J. H. and Rakotomiaramanana, B. and Rangel, M. S. and Raniuk, I. and Rauschmayr, N. and Raven, G. and Redford, S. and Reid, M. M. and Reis, A. C. dos and Ricciardi, S. and Richards, A. and Rinnert, K. and Romero, D. A. Roa and Robbe, P. and Rodrigues, E. and Perez, P. Rodriguez and Rogers, G. J. and Roiser, S. and Romanovsky, V. and Vidal, A. Romero and Rosello, M. and Rouvinet, J. and Ruf, T. and Ruiz, H. and Sabatino, G. and Silva, J. J. Saborido and Sagidova, N. and Sail, P. and Saitta, B. and Salzmann, C. and Sedes, B. Sanmartin and Sannino, M. and Santacesaria, R. and Rios, C. Santamarina and Santinelli, R. and Santovetti, E. and Sapunov, M. and Sarti, A. and Satriano, C. and Satta, A. and Savrie, M. and Savrina, D. and Schaack, P. and Schiller, M. and Schindler, H. and Schleich, S. and Schlupp, M. and Schmelling, M. and Schmidt, B. and Schneider, O. and Schopper, A. and Schune, M.-H. and Schwemmer, R. and Sciascia, B. and Sciubba, A. and Seco, M. and Semennikov, A. and Senderowska, K. and Sepp, I. and Serra, N. and Serrano, J. and Seyfert, P. and Shapkin, M. and Shapoval, I. and Shatalov, P. and Shcheglov, Y. and Shears, T. and Shekhtman, L. and Shevchenko, O. and Shevchenko, V. and Shires, A. and Coutinho, R. Silva and Skwarnicki, T. and Smith, N. A. and Smith, E. and Smith, M. and Sobczak, K. and Soler, F. J. P. and Solomin, A. and Soomro, F. and Souza, D. and De Paula, B. Souza and Spaan, B. and Sparkes, A. and Spradlin, P. and Stagni, F. and Stahl, S. and Steinkamp, O. and Stoica, S. and Stone, S. and Storaci, B. and Straticiuc, M. and Straumann, U. and Subbiah, V. K. and Swientek, S. and Szczekowski, M. and Szczypka, P. and Szumlak, T. and T'Jampens, S. and Teklishyn, M. and Teodorescu, E. and Teubert, F. and Thomas, C. and Thomas, E. and van Tilburg, J. and Tisserand, V. and Tobin, M. and Tolk, S. and Topp-Joergensen, S. and Torr, N. and Tournefier, E. and Tourneur, S. and Tran, M. T. and Tsaregorodtsev, A. and Tuning, N. and Garcia, M. Ubeda and Ukleja, A. and Uwer, U. and Vagnoni, V. and Valenti, G. and Gomez, R. Vazquez and Regueiro, P. Vazquez and Vecchi, S. and Velthuis, J. J. and Veltri, M. and Veneziano, G. and Vesterinen, M. and Viaud, B. and Videau, I. and Vieira, D. and Vilasis-Cardona, X. and Visniakov, J. and Vollhardt, A. and Volyanskyy, D. and Voong, D. and Vorobyev, A. and Vorobyev, V. and Voß, C. and Voss, H. and Waldi, R. and Wallace, R. and Wandernoth, S. and Wang, J. and Ward, D. R. and Watson, N. K. and Webber, A. D. and Websdale, D. and Whitehead, M. and Wicht, J. and Wiedner, D. and Wiggers, L. and Wilkinson, G. and Williams, M. P. and Williams, M. and Wilson, F. F. and Wishahi, J. and Witek, M. and Witzeling, W. and Wotton, S. A. and Wright, S. and Wu, S. and Wyllie, K. and Xie, Y. and Xing, F. and Xing, Z. and Yang, Z. and Young, R. and Yuan, X. and Yushchenko, O. and Zangoli, M. and Zavertyaev, M. and Zhang, F. and Zhang, L. and Zhang, W. C. and Zhang, Y. and Zhelezov, A. and Zhong, L. and Zvyagin, A.},
	month = feb,
	year = {2013},
	note = {arXiv: 1209.0313},
	keywords = {High Energy Physics - Experiment, Measurement of Branching ratio of B to K* gamma},
	pages = {1--18},
	annote = {Comment: 21 pages, 3 figues, 4 tables},
	file = {arXiv Fulltext PDF:files/8/LHCb collaboration et al. - 2013 - Measurement of the ratio of branching fractions BR.pdf:application/pdf;arXiv.org Snapshot:files/9/1209.html:text/html},
}

@article{noauthor_lhcb_2008,
	title = {The {LHCb} {Detector} at the {LHC}},
	abstract = {The LHCb experiment is dedicated to precision measurements of CP violation and rare decays of B hadrons at the Large Hadron Collider (LHC) at CERN (Geneva). The initial conﬁguration and expected performance of the detector and associated systems, as established by test beam measurements and simulation studies, is described.},
	year = {2008},
	pages = {217},
	file = {2008 - The LHCb Detector at the LHC.pdf:files/10/2008 - The LHCb Detector at the LHC.pdf:application/pdf},
}

@article{rybka_90_2021,
	title = {90. {Axions} and {Other} {Similar} {Particles}},
	language = {en},
	author = {Rybka, G and Washington, U},
	year = {2021},
	pages = {36},
	file = {Rybka and Washington - 2021 - 90. Axions and Other Similar Particles.pdf:files/13/Rybka and Washington - 2021 - 90. Axions and Other Similar Particles.pdf:application/pdf},
}

@article{ruoso_overview_nodate,
	title = {Overview of axion physics},
	language = {en},
	author = {Ruoso, Giuseppe},
	pages = {76},
	file = {Ruoso - Overview of axion physics.pdf:files/17/Ruoso - Overview of axion physics.pdf:application/pdf},
}

@article{irastorza_introduction_2022,
	title = {An introduction to axions and their detection},
	issn = {2590-1990},
	url = {http://arxiv.org/abs/2109.07376},
	doi = {10.21468/SciPostPhysLectNotes.45},
	abstract = {In these notes I try to introduce the reader to the topic of axions: their theoretical motivation and expected phenomenology, their role in astrophysics and as dark matter candidate, and the experimental techniques to detect them. Special emphasis is made in this last point, for which a relatively updated review of worldwide efforts and future prospects is made. The material is intended as an introduction to the topic, and it was prepared as lecture notes for Les Houches summer school 2021. Abundant references are included to direct the reader to deeper insight on the different aspects of axion physics.},
	urldate = {2022-06-05},
	journal = {SciPost Physics Lecture Notes},
	author = {Irastorza, Igor G.},
	month = mar,
	year = {2022},
	note = {arXiv:2109.07376 [astro-ph, physics:hep-ex, physics:hep-ph]},
	keywords = {High Energy Physics - Experiment, Astrophysics - Solar and Stellar Astrophysics, High Energy Physics - Phenomenology},
	pages = {45},
	annote = {Comment: Submitted to SciPost Physics Lecture Notes, Les Houches Summer School Series. Second version after referees comments},
	file = {arXiv Fulltext PDF:files/23/Irastorza - 2022 - An introduction to axions and their detection.pdf:application/pdf;arXiv.org Snapshot:files/24/2109.html:text/html},
}

@article{izaguirre_new_2017,
	title = {A {New} {Flavor} of {Searches} for {Axion}-{Like} {Particles}},
	volume = {118},
	issn = {0031-9007, 1079-7114},
	url = {http://arxiv.org/abs/1611.09355},
	doi = {10.1103/PhysRevLett.118.111802},
	abstract = {We propose new searches for axion-like particles (ALPs) produced in flavor-changing neutral current (FCNC) processes. This proposal exploits the often-overlooked coupling of ALPs to W bosons, leading to FCNC production of ALPs even in the absence of a direct coupling to fermions. Our proposed searches for resonant ALP production in decays such as \$B{\textbackslash}rightarrow K{\textasciicircum}\{(*)\}a,{\textbackslash},a{\textbackslash}rightarrow {\textbackslash}gamma{\textbackslash}gamma\$ and \$K{\textbackslash}rightarrow {\textbackslash}pi a, {\textbackslash},a{\textbackslash}rightarrow {\textbackslash}gamma{\textbackslash}gamma\$ could greatly improve upon the current sensitivity to ALP couplings to Standard Model particles. We also determine analogous constraints and discovery prospects for invisibly decaying ALPs.},
	number = {11},
	urldate = {2022-06-06},
	journal = {Physical Review Letters},
	author = {Izaguirre, Eder and Lin, Tongyan and Shuve, Brian},
	month = mar,
	year = {2017},
	note = {arXiv:1611.09355 [hep-ex, physics:hep-ph]},
	keywords = {High Energy Physics - Experiment, High Energy Physics - Phenomenology},
	pages = {111802},
	annote = {Comment: 7 pages, 4 figures. Appendix A added to show sensitivity to scenario with additional hypercharge couplings; references added; additional bound on K decays from E949 added (results qualitatively unchanged). Version to be published in PRL},
	file = {arXiv Fulltext PDF:files/27/Izaguirre et al. - 2017 - A New Flavor of Searches for Axion-Like Particles.pdf:application/pdf;arXiv.org Snapshot:files/28/1611.html:text/html},
}

@misc{noauthor_mathematical_2022,
	title = {Mathematical formulation of the {Standard} {Model}},
	copyright = {Creative Commons Attribution-ShareAlike License},
	url = {https://en.wikipedia.org/w/index.php?title=Mathematical_formulation_of_the_Standard_Model&oldid=1094804741},
	abstract = {This article describes the mathematics of the Standard Model of particle physics, a gauge quantum field theory containing the internal symmetries of the unitary product group SU(3) × SU(2) × U(1). The theory is commonly viewed as describing the fundamental set of particles – the leptons, quarks, gauge bosons and the Higgs boson.
The Standard Model is renormalizable and mathematically self-consistent, however despite having huge and continued successes in providing experimental predictions it does leave some unexplained phenomena. In particular, although the physics of special relativity is incorporated, general relativity is not, and the Standard Model will fail at energies or distances where the graviton is expected to emerge. Therefore, in a modern field theory context, it is seen as an effective field theory.},
	language = {en},
	urldate = {2022-07-21},
	journal = {Wikipedia},
	month = jun,
	year = {2022},
	note = {Page Version ID: 1094804741},
	file = {Snapshot:files/30/Mathematical_formulation_of_the_Standard_Model.html:text/html},
}

@article{ferber_displaced_nodate,
	title = {Displaced or invisible? {ALPs} from {B} decays at {Belle} {II}},
	abstract = {At colliders, neutral long-lived particles can be detected through displaced decay products or as missing energy. Which search strategy is better depends on the particle’s decay length just as on the detector properties. We investigate the complementarity of displaced and invisible signatures for the Belle II experiment. Focusing on axion-like particles a produced from meson decays, we present a new search strategy for two-body decays B+ → K+a, a → E/ with missing energy E/ . With 50 ab−1 of data, Belle II can probe light invisible resonances with branching ratio B(B+ → K+a) 10−7 and decay length cτa 1 m. For axion-like particles, we expect the sensitivity of B+ → K+E/ to small couplings to improve by up to two orders of magnitude compared to previous searches at collider and ﬁxed-target experiments. For sub-GeV particles, B+ → K+E/ at Belle II and searches at beam-dump experiments are most sensitive; for heavier particles, searches for displaced vertices at Belle II, long-lived particle experiments at the LHC, and future ﬁxed-target experiments can probe the smallest couplings.},
	language = {en},
	author = {Ferber, T and Filimonova, A and Schafer, R and Westhoﬀ, S},
	pages = {30},
	file = {Ferber et al. - Displaced or invisible ALPs from B decays at Bell.pdf:files/31/Ferber et al. - Displaced or invisible ALPs from B decays at Bell.pdf:application/pdf},
}

@article{lees_search_2022,
	title = {Search for an {Axionlike} {Particle} in {B} {Meson} {Decays}},
	volume = {128},
	issn = {0031-9007, 1079-7114},
	url = {https://link.aps.org/doi/10.1103/PhysRevLett.128.131802},
	doi = {10.1103/PhysRevLett.128.131802},
	language = {en},
	number = {13},
	urldate = {2022-07-21},
	journal = {Physical Review Letters},
	author = {Lees, J. P. and Poireau, V. and Tisserand, V. and Grauges, E. and Palano, A. and Eigen, G. and Brown, D. N. and Kolomensky, Yu. G. and Fritsch, M. and Koch, H. and Schroeder, T. and Cheaib, R. and Hearty, C. and Mattison, T. S. and McKenna, J. A. and So, R. Y. and Blinov, V. E. and Buzykaev, A. R. and Druzhinin, V. P. and Golubev, V. B. and Kozyrev, E. A. and Kravchenko, E. A. and Onuchin, A. P. and Serednyakov, S. I. and Skovpen, Yu. I. and Solodov, E. P. and Todyshev, K. Yu. and Lankford, A. J. and Dey, B. and Gary, J. W. and Long, O. and Eisner, A. M. and Lockman, W. S. and Panduro Vazquez, W. and Chao, D. S. and Cheng, C. H. and Echenard, B. and Flood, K. T. and Hitlin, D. G. and Kim, J. and Li, Y. and Lin, D. X. and Middleton, S. and Miyashita, T. S. and Ongmongkolkul, P. and Oyang, J. and Porter, F. C. and Röhrken, M. and Huard, Z. and Meadows, B. T. and Pushpawela, B. G. and Sokoloff, M. D. and Sun, L. and Smith, J. G. and Wagner, S. R. and Bernard, D. and Verderi, M. and Bettoni, D. and Bozzi, C. and Calabrese, R. and Cibinetto, G. and Fioravanti, E. and Garzia, I. and Luppi, E. and Santoro, V. and Calcaterra, A. and de Sangro, R. and Finocchiaro, G. and Martellotti, S. and Patteri, P. and Peruzzi, I. M. and Piccolo, M. and Rotondo, M. and Zallo, A. and Passaggio, S. and Patrignani, C. and Flood, I. and Nguyen, N. and Shuve, B. J. and Lacker, H. M. and Bhuyan, B. and Mallik, U. and Chen, C. and Cochran, J. and Prell, S. and Gritsan, A. V. and Arnaud, N. and Davier, M. and Le Diberder, F. and Lutz, A. M. and Wormser, G. and Lange, D. J. and Wright, D. M. and Coleman, J. P. and Gabathuler, E. and Hutchcroft, D. E. and Payne, D. J. and Touramanis, C. and Bevan, A. J. and Di Lodovico, F. and Sacco, R. and Cowan, G. and Banerjee, Sw. and Brown, D. N. and Davis, C. L. and Denig, A. G. and Gradl, W. and Griessinger, K. and Hafner, A. and Schubert, K. R. and Barlow, R. J. and Lafferty, G. D. and Cenci, R. and Jawahery, A. and Roberts, D. A. and Cowan, R. and Robertson, S. H. and Seddon, R. M. and Neri, N. and Palombo, F. and Cremaldi, L. and Godang, R. and Summers, D. J. and Taras, P. and De Nardo, G. and Sciacca, C. and Raven, G. and Jessop, C. P. and LoSecco, J. M. and Honscheid, K. and Kass, R. and Gaz, A. and Margoni, M. and Posocco, M. and Simi, G. and Simonetto, F. and Stroili, R. and Akar, S. and Ben-Haim, E. and Bomben, M. and Bonneaud, G. R. and Calderini, G. and Chauveau, J. and Marchiori, G. and Ocariz, J. and Biasini, M. and Manoni, E. and Rossi, A. and Batignani, G. and Bettarini, S. and Carpinelli, M. and Casarosa, G. and Chrzaszcz, M. and De Nuccio, M. and Forti, F. and Giorgi, M. A. and Lusiani, A. and Oberhof, B. and Paoloni, E. and Rama, M. and Rizzo, G. and Walsh, J. J. and Zani, L. and Smith, A. J. S. and Anulli, F. and Faccini, R. and Ferrarotto, F. and Ferroni, F. and Pilloni, A. and Piredda, G. and Bünger, C. and Dittrich, S. and Grünberg, O. and Heß, M. and Leddig, T. and Voß, C. and Waldi, R. and Adye, T. and Wilson, F. F. and Emery, S. and Vasseur, G. and Aston, D. and Cartaro, C. and Convery, M. R. and Dorfan, J. and Dunwoodie, W. and Ebert, M. and Field, R. C. and Fulsom, B. G. and Graham, M. T. and Hast, C. and Innes, W. R. and Kim, P. and Leith, D. W. G. S. and Luitz, S. and MacFarlane, D. B. and Muller, D. R. and Neal, H. and Ratcliff, B. N. and Roodman, A. and Sullivan, M. K. and Va’vra, J. and Wisniewski, W. J. and Purohit, M. V. and Wilson, J. R. and Randle-Conde, A. and Sekula, S. J. and Ahmed, H. and Tasneem, N. and Bellis, M. and Burchat, P. R. and Puccio, E. M. T. and Alam, M. S. and Ernst, J. A. and Gorodeisky, R. and Guttman, N. and Peimer, D. R. and Soffer, A. and Spanier, S. M. and Ritchie, J. L. and Schwitters, R. F. and Izen, J. M. and Lou, X. C. and Bianchi, F. and De Mori, F. and Filippi, A. and Gamba, D. and Lanceri, L. and Vitale, L. and Martinez-Vidal, F. and Oyanguren, A. and Albert, J. and Beaulieu, A. and Bernlochner, F. U. and King, G. J. and Kowalewski, R. and Lueck, T. and Miller, C. and Nugent, I. M. and Roney, J. M. and Sobie, R. J. and Gershon, T. J. and Harrison, P. F. and Latham, T. E. and Prepost, R. and Wu, S. L. and {\textit{BABAR} Collaboration}},
	month = apr,
	year = {2022},
	pages = {131802},
	file = {Lees et al. - 2022 - Search for an Axionlike Particle in B Meson Decays.pdf:files/43/Lees et al. - 2022 - Search for an Axionlike Particle in B Meson Decays.pdf:application/pdf},
}

@misc{noauthor_tupletools_nodate,
	title = {{TupleTools} and branches — {LHCb} {Starterkit} {Lessons} documentation},
	url = {https://lhcb.github.io/starterkit-lessons/first-analysis-steps/add-tupletools.html},
	urldate = {2022-07-21},
	file = {TupleTools and branches — LHCb Starterkit Lessons documentation:files/46/add-tupletools.html:text/html},
}

@misc{lenzi_rare_2007,
	title = {Rare {B} decays at {LHCb}},
	url = {http://arxiv.org/abs/0710.5056},
	abstract = {Rare loop-induced decays are sensitive to New Physics in many Standard Model extensions. In this paper we discuss the potential of the LHCb experiment to very rare Bs → µ+µ− decays, radiative penguin b → sγ decays and electroweak penguin b → sℓℓ decays. The experimental strategies and the expected sensitivities are presented.},
	language = {en},
	urldate = {2022-07-24},
	publisher = {arXiv},
	author = {Lenzi, Michela},
	month = oct,
	year = {2007},
	note = {arXiv:0710.5056 [hep-ex]},
	keywords = {High Energy Physics - Experiment},
	annote = {Comment: Submitted for the SUSY07 proceedings, 4 pages, LaTeX, 3 figures},
	file = {Lenzi - 2007 - Rare B decays at LHCb.pdf:files/47/Lenzi - 2007 - Rare B decays at LHCb.pdf:application/pdf},
}

@article{aaij_design_2019,
	title = {Design and performance of the {LHCb} trigger and full real-time reconstruction in {Run} 2 of the {LHC}},
	volume = {14},
	issn = {1748-0221},
	url = {http://arxiv.org/abs/1812.10790},
	doi = {10.1088/1748-0221/14/04/P04013},
	abstract = {The LHCb collaboration has redesigned its trigger to enable the full oﬄine detector reconstruction to be performed in real time. Together with the real-time alignment and calibration of the detector, and a software infrastructure to make persistent the high-level physics objects produced during real-time processing, this redesign enabled the widespread deployment of real-time analysis during Run 2. We describe the design of the Run 2 trigger and real-time reconstruction, and present datadriven performance measurements for a representative sample of LHCb’s physics programme.},
	language = {en},
	number = {04},
	urldate = {2022-07-28},
	journal = {Journal of Instrumentation},
	author = {Aaij, R. and Akar, S. and Albrecht, J. and Alexander, M. and Albero, A. Alfonso and Amerio, S. and Anderlini, L. and d'Argent, P. and Baranov, A. and Barter, W. and Benson, S. and Bobulska, D. and Boettcher, T. and Borghi, S. and Bowen, E. E. and Brarda, L. and Burr, C. and Cachemiche, J.-P. and Gomez, M. Calvo and Cattaneo, M. and Chanal, H. and Chapman, M. and Chebbi, M. and Chefdeville, M. and Ciambrone, P. and Cogan, J. and Chitic, S.-G. and Clemencic, M. and Closier, J. and Couturier, B. and Daoudi, M. and De Bruyn, K. and De Cian, M. and Deschamps, O. and Dettori, F. and Dordei, F. and Douglas, L. and Dreimanis, K. and Dufour, L. and Dujany, G. and Durante, P. and Duval, P.-Y. and Dziurda, A. and Esen, S. and Fitzpatrick, C. and Fontanna, M. and Frank, M. and Van Veghel, M. and Gaspar, C. and Gerstel, D. and Ghez, Ph and Gizdov, K. and Gligorov, V. V. and Govorkova, E. and Cardoso, L. A. Granado and Grillo, L. and Guz, I. and Hachon, F. and He, J. and Hill, D. and Hu, W. and Hulsbergen, W. and Ilten, P. and Li, Y. and Linn, C. P. and Lupton, O. and Johnson, D. and Jones, C. R. and Jost, B. and Kenzie, M. and Kopecna, R. and Koppenburg, P. and Kreps, M. and Gac, R. Le and Lefèvre, R. and Leroy, O. and Machefert, F. and Mancinelli, G. and Maddrell-Mander, S. and Marchand, J. F. and Marconi, U. and Benito, C. Marin and Martinelli, M. and Santos, D. Martinez and Matev, R. and Michielin, E. and Monteil, S. and Morris, A. and Minard, M.-N. and Mohamed, H. and Morello, M. J. and Naik, P. and Neubert, S. and Neufeld, N. and Niel, E. and Pearce, A. and Perret, P. and Polci, F. and Prisciandaro, J. and Prouve, C. and Navarro, A. Puig and Pernas, M. Ramos and Raven, G. and Rethore, F. and Molina, V. Rives and Robbe, P. and Sarpis, G. and Sborzacchi, F. and Schiller, M. and Schwemmer, R. and Sciascia, B. and Serrano, J. and Seyfert, P. and Schune, M.-H. and Smith, M. and Solomin, A. and Sokoloff, M. and Spradlin, P. and Stahl, M. and Stahl, S. and Storaci, B. and Stracka, S. and Szymanski, M. and Traill, M. and Usachov, A. and Valat, S. and Gomez, R. Vazquez and Vesterinen, M. and Voneki, B. and Wang, M. and Weisser, C. and Whitehead, M. and Williams, M. and Winn, M. and Witek, M. and Xiang, Z. and Xu, A. and Xu, Z. and Yin, H. and Zhang, Y. and Zhou, Y.},
	month = apr,
	year = {2019},
	note = {arXiv:1812.10790 [hep-ex, physics:physics]},
	keywords = {High Energy Physics - Experiment, Physics - Instrumentation and Detectors},
	pages = {P04013--P04013},
	annote = {Comment: 46 pages, 35 figures, 1 table. All figures and tables are available at https://cern.ch/lhcbproject/Publications/LHCbProjectPublic/LHCb-DP-2019-001.html},
	file = {Aaij et al. - 2019 - Design and performance of the LHCb trigger and ful.pdf:files/56/Aaij et al. - 2019 - Design and performance of the LHCb trigger and ful.pdf:application/pdf},
}

@misc{noauthor_lhcb_nodate,
	title = {{LHCb} detector performance},
	url = {https://www.worldscientific.com/doi/epdf/10.1142/S0217751X15300227},
	language = {en},
	urldate = {2022-07-28},
	doi = {10.1142/S0217751X15300227},
	file = {Full Text:files/64/LHCb detector performance.pdf:application/pdf;Snapshot:files/63/S0217751X15300227.html:text/html},
}

@article{adinolfi_performance_2013,
	title = {Performance of the {LHCb} {RICH} detector at the {LHC}},
	volume = {73},
	issn = {1434-6044, 1434-6052},
	url = {http://arxiv.org/abs/1211.6759},
	doi = {10.1140/epjc/s10052-013-2431-9},
	abstract = {The LHCb experiment has been taking data at the Large Hadron Collider (LHC) at CERN since the end of 2009. One of its key detector components is the Ring-Imaging Cherenkov (RICH) system. This provides charged particle identiﬁcation over a wide momentum range, from 2–100 GeV/c. The operation and control, software, and online monitoring of the RICH system are described. The particle identiﬁcation performance is presented, as measured using data from the LHC. Excellent separation of hadronic particle types (π, K, p) is achieved.},
	language = {en},
	number = {5},
	urldate = {2022-07-28},
	journal = {The European Physical Journal C},
	author = {Adinolfi, M. and Rinella, G. Aglieri and Albrecht, E. and Bellunato, T. and Benson, S. and Blake, T. and Blanks, C. and Brisbane, S. and Brook, N. H. and Calvi, M. and Cameron, B. and Cardinale, R. and Carson, L. and Contu, A. and Coombes, M. and D'Ambrosio, C. and Easo, S. and Egede, U. and Eisenhardt, S. and Fanchini, E. and Fitzpatrick, C. and Fontanelli, F. and Forty, R. and Frei, C. and Gandini, P. and Gao, R. and Tico, J. Garra and Gibson, V. and Gotti, C. and Gregson, S. and Gys, T. and Haines, S. C. and Hampson, T. and Harnew, N. and Hill, D. and Hunt, P. and John, M. and Jones, C. R. and Johnson, D. and Kanaya, N. and Katvars, S. and Kerzel, U. and Kim, Y. M. and Koblitz, S. and Kucharczyk, M. and Lambert, D. and Lambert, R. W. and Main, A. and Maino, M. and Malde, S. and Mangiafave, N. and Matteuzzi, C. and Mini', G. and Mollen, A. and Morant, J. and Mountain, R. and Morris, J. V. and Muheim, F. and Muresan, R. and Nardulli, J. and Owen, P. and Papanestis, A. and Patel, M. and Patrick, G. N. and Perego, D. L. and Pessina, G. and Petrolini, A. and Piedigrossi, D. and Plackett, R. and Playfer, S. and Powell, A. and Rademacker, J. H. and Ricciardi, S. and Rogers, G. J. and Sail, P. and Sannino, M. and Savidge, T. and Sepp, I. and Sigurdsson, S. and Soler, F. J. P. and Solomin, A. and Soomro, F. and Sparkes, A. and Spradlin, P. and Storaci, B. and Thomas, C. and Topp-Joergensen, S. and Torr, N. and Ullaland, O. and Vervink, K. and Voong, D. and Websdale, D. and Wilkinson, G. and Wotton, S. A. and Wyllie, K. and Xing, F. and Young, R.},
	month = may,
	year = {2013},
	note = {arXiv:1211.6759 [hep-ex, physics:physics]},
	keywords = {High Energy Physics - Experiment, Physics - Instrumentation and Detectors},
	pages = {2431},
	file = {Adinolfi et al. - 2013 - Performance of the LHCb RICH detector at the LHC.pdf:files/67/Adinolfi et al. - 2013 - Performance of the LHCb RICH detector at the LHC.pdf:application/pdf},
}

@article{lhcb_collaboration_lhcb_2015,
	title = {{LHCb} {Detector} {Performance}},
	volume = {30},
	issn = {0217-751X, 1793-656X},
	url = {http://arxiv.org/abs/1412.6352},
	doi = {10.1142/S0217751X15300227},
	abstract = {The LHCb detector is a forward spectrometer at the Large Hadron Collider (LHC) at CERN. The experiment is designed for precision measurements of CP violation and rare decays of beauty and charm hadrons. In this paper the performance of the various LHCb sub-detectors and the trigger system are described, using data taken from 2010 to 2012. It is shown that the design criteria of the experiment have been met. The excellent performance of the detector has allowed the LHCb collaboration to publish a wide range of physics results, demonstrating LHCb’s unique role, both as a heavy ﬂavour experiment and as a general purpose detector in the forward region.},
	language = {en},
	number = {07},
	urldate = {2022-07-29},
	journal = {International Journal of Modern Physics A},
	author = {LHCb collaboration and Aaij, R. and Adeva, B. and Adinolfi, M. and Affolder, A. and Ajaltouni, Z. and Akar, S. and Albrecht, J. and Alessio, F. and Alexander, M. and Ali, S. and Alkhazov, G. and Cartelle, P. Alvarez and Alves Jr, A. A. and Amato, S. and Amerio, S. and Amhis, Y. and An, L. and Anderlini, L. and Anderson, J. and Andreassen, R. and Andreotti, M. and Andrews, J. E. and Appleby, R. B. and Gutierrez, O. Aquines and Archilli, F. and Artamonov, A. and Artuso, M. and Aslanides, E. and Auriemma, G. and Baalouch, M. and Bachmann, S. and Back, J. J. and Badalov, A. and Baesso, C. and Baldini, W. and Barlow, R. J. and Barschel, C. and Barsuk, S. and Barter, W. and Batozskaya, V. and Battista, V. and Bay, A. and Beaucourt, L. and Beddow, J. and Bedeschi, F. and Bediaga, I. and Belogurov, S. and Belous, K. and Belyaev, I. and Ben-Haim, E. and Bencivenni, G. and Benson, S. and Benton, J. and Berezhnoy, A. and Bernet, R. and Bettler, M.-O. and van Beuzekom, M. and Bien, A. and Bifani, S. and Bird, T. and Bizzeti, A. and Bjørnstad, P. M. and Blake, T. and Blanc, F. and Blouw, J. and Blusk, S. and Bocci, V. and Bondar, A. and Bondar, N. and Bonivento, W. and Borghi, S. and Borgia, A. and Borsato, M. and Bowcock, T. J. V. and Bowen, E. and Bozzi, C. and Brambach, T. and Bressieux, J. and Brett, D. and Britsch, M. and Britton, T. and Brodzicka, J. and Brook, N. H. and Brown, H. and Bursche, A. and Buytaert, J. and Cadeddu, S. and Calabrese, R. and Calvi, M. and Gomez, M. Calvo and Campana, P. and Perez, D. Campora and Carbone, A. and Carboni, G. and Cardinale, R. and Cardini, A. and Carson, L. and Akiba, K. Carvalho and Casse, G. and Cassina, L. and Garcia, L. Castillo and Cattaneo, M. and Cauet, Ch and Cenci, R. and Charles, M. and Charpentier, Ph and Chefdeville, M. and Chen, S. and Cheung, S.-F. and Chiapolini, N. and Chrzaszcz, M. and Ciba, K. and Vidal, X. Cid and Ciezarek, G. and Clarke, P. E. L. and Clemencic, M. and Cliff, H. V. and Closier, J. and Coco, V. and Cogan, J. and Cogneras, E. and Cogoni, V. and Cojocariu, L. and Collazuol, G. and Collins, P. and Comerma-Montells, A. and Contu, A. and Cook, A. and Coombes, M. and Coquereau, S. and Corti, G. and Corvo, M. and Counts, I. and Couturier, B. and Cowan, G. A. and Craik, D. C. and Crocombe, A. C. and Torres, M. Cruz and Cunliffe, S. and Currie, R. and D'Ambrosio, C. and Dalseno, J. and David, P. and David, P. N. Y. and Davis, A. and De Bruyn, K. and De Capua, S. and De Cian, M. and De Miranda, J. M. and De Paula, L. and De Silva, W. and De Simone, P. and Decamp, D. and Deckenhoff, M. and Del Buono, L. and Déléage, N. and Derkach, D. and Deschamps, O. and Dettori, F. and Di Canto, A. and Dijkstra, H. and Donleavy, S. and Dordei, F. and Dorigo, M. and Suárez, A. Dosil and Dossett, D. and Dovbnya, A. and Dreimanis, K. and Dujany, G. and Dupertuis, F. and Durante, P. and Dzhelyadin, R. and Dziurda, A. and Dzyuba, A. and Easo, S. and Egede, U. and Egorychev, V. and Eidelman, S. and Eisenhardt, S. and Eitschberger, U. and Ekelhof, R. and Eklund, L. and Rifai, I. El and Elsasser, Ch and Ely, S. and Esen, S. and Evans, H. M. and Evans, T. and Falabella, A. and Färber, C. and Farinelli, C. and Farley, N. and Farry, S. and Fay, R. and Ferguson, D. and Albor, V. Fernandez and Rodrigues, F. Ferreira and Ferro-Luzzi, M. and Filippov, S. and Fiore, M. and Fiorini, M. and Firlej, M. and Fitzpatrick, C. and Fiutowski, T. and Fol, P. and Fontana, M. and Fontanelli, F. and Forty, R. and Francisco, O. and Frank, M. and Frei, C. and Frosini, M. and Fu, J. and Furfaro, E. and Torreira, A. Gallas and Galli, D. and Gallorini, S. and Gambetta, S. and Gandelman, M. and Gandini, P. and Gao, Y. and Pardiñas, J. García and Garofoli, J. and Tico, J. Garra and Garrido, L. and Gascon, D. and Gaspar, C. and Gauld, R. and Gavardi, L. and Geraci, A. and Gersabeck, E. and Gersabeck, M. and Gershon, T. and Ghez, Ph and Gianelle, A. and Gianì, S. and Gibson, V. and Giubega, L. and Gligorov, V. V. and Göbel, C. and Golubkov, D. and Golutvin, A. and Gomes, A. and Gotti, C. and Gándara, M. Grabalosa and Diaz, R. Graciani and Cardoso, L. A. Granado and Graugés, E. and Graverini, E. and Graziani, G. and Grecu, A. and Greening, E. and Gregson, S. and Griffith, P. and Grillo, L. and Grünberg, O. and Gui, B. and Gushchin, E. and Guz, Yu and Gys, T. and Hadjivasiliou, C. and Haefeli, G. and Haen, C. and Haines, S. C. and Hall, S. and Hamilton, B. and Hampson, T. and Han, X. and Hansmann-Menzemer, S. and Harnew, N. and Harnew, S. T. and Harrison, J. and He, J. and Head, T. and Heijne, V. and Hennessy, K. and Henrard, P. and Henry, L. and Morata, J. A. Hernando and van Herwijnen, E. and Heß, M. and Hicheur, A. and Hill, D. and Hoballah, M. and Hombach, C. and Hulsbergen, W. and Hunt, P. and Hussain, N. and Hutchcroft, D. and Hynds, D. and Idzik, M. and Ilten, P. and Jacobsson, R. and Jaeger, A. and Jalocha, J. and Jans, E. and Jaton, P. and Jawahery, A. and Jing, F. and John, M. and Johnson, D. and Jones, C. R. and Joram, C. and Jost, B. and Jurik, N. and Kandybei, S. and Kanso, W. and Karacson, M. and Karbach, T. M. and Karodia, S. and Kelsey, M. and Kenyon, I. R. and Ketel, T. and Khanji, B. and Khurewathanakul, C. and Klaver, S. and Klimaszewski, K. and Kochebina, O. and Kolpin, M. and Komarov, I. and Koopman, R. F. and Koppenburg, P. and Korolev, M. and Kozlinskiy, A. and Kravchuk, L. and Kreplin, K. and Kreps, M. and Krocker, G. and Krokovny, P. and Kruse, F. and Kucewicz, W. and Kucharczyk, M. and Kudryavtsev, V. and Kurek, K. and Kvaratskheliya, T. and La Thi, V. N. and Lacarrere, D. and Lafferty, G. and Lai, A. and Lambert, D. and Lambert, R. W. and Lanfranchi, G. and Langenbruch, C. and Langhans, B. and Latham, T. and Lazzeroni, C. and Gac, R. Le and van Leerdam, J. and Lees, J.-P. and Lefèvre, R. and Leflat, A. and Lefrançois, J. and Leo, S. and Leroy, O. and Lesiak, T. and Leverington, B. and Li, Y. and Likhomanenko, T. and Liles, M. and Lindner, R. and Linn, C. and Lionetto, F. and Liu, B. and Lohn, S. and Longstaff, I. and Lopes, J. H. and Lopez-March, N. and Lowdon, P. and Lucchesi, D. and Luo, H. and Lupato, A. and Luppi, E. and Lupton, O. and Machefert, F. and Machikhiliyan, I. V. and Maciuc, F. and Maev, O. and Malde, S. and Malinin, A. and Manca, G. and Mancinelli, G. and Mapelli, A. and Maratas, J. and Marchand, J. F. and Marconi, U. and Benito, C. Marin and Marino, P. and Märki, R. and Marks, J. and Martellotti, G. and Martens, A. and Sánchez, A. Martín and Martinelli, M. and Santos, D. Martinez and Vidal, F. Martinez and Tostes, D. Martins and Massafferri, A. and Matev, R. and Mathe, Z. and Matteuzzi, C. and Mazurov, A. and McCann, M. and McCarthy, J. and McNab, A. and McNulty, R. and McSkelly, B. and Meadows, B. and Meier, F. and Meissner, M. and Merk, M. and Milanes, D. A. and Minard, M.-N. and Moggi, N. and Rodriguez, J. Molina and Monteil, S. and Morandin, M. and Morawski, P. and Mordà, A. and Morello, M. J. and Moron, J. and Morris, A.-B. and Mountain, R. and Muheim, F. and Müller, K. and Mussini, M. and Muster, B. and Naik, P. and Nakada, T. and Nandakumar, R. and Nasteva, I. and Needham, M. and Neri, N. and Neubert, S. and Neufeld, N. and Neuner, M. and Nguyen, A. D. and Nguyen, T. D. and Nguyen-Mau, C. and Nicol, M. and Niess, V. and Niet, R. and Nikitin, N. and Nikodem, T. and Novoselov, A. and O'Hanlon, D. P. and Oblakowska-Mucha, A. and Obraztsov, V. and Oggero, S. and Ogilvy, S. and Okhrimenko, O. and Oldeman, R. and Onderwater, C. J. G. and Orlandea, M. and Goicochea, J. M. Otalora and Owen, P. and Oyanguren, A. and Pal, B. K. and Palano, A. and Palombo, F. and Palutan, M. and Panman, J. and Papanestis, A. and Pappagallo, M. and Pappalardo, L. L. and Parkes, C. and Parkinson, C. J. and Passaleva, G. and Patel, G. D. and Patel, M. and Patrignani, C. and Pearce, A. and Pellegrino, A. and Penso, G. and Altarelli, M. Pepe and Perazzini, S. and Perret, P. and Perrin-Terrin, M. and Pescatore, L. and Pesen, E. and Pessina, G. and Petridis, K. and Petrolini, A. and Olloqui, E. Picatoste and Pietrzyk, B. and Pilař, T. and Pinci, D. and Pistone, A. and Playfer, S. and Casasus, M. Plo and Polci, F. and Poluektov, A. and Polyakov, I. and Polycarpo, E. and Popov, A. and Popov, D. and Popovici, B. and Potterat, C. and Price, E. and Price, J. D. and Prisciandaro, J. and Pritchard, A. and Prouve, C. and Pugatch, V. and Navarro, A. Puig and Punzi, G. and Qian, W. and Rachwal, B. and Rademacker, J. H. and Rakotomiaramanana, B. and Rama, M. and Rangel, M. S. and Raniuk, I. and Rauschmayr, N. and Raven, G. and Redi, F. and Reichert, S. and Reid, M. M. and Reis, A. C. dos and Ricciardi, S. and Richards, S. and Rihl, M. and Rinnert, K. and Molina, V. Rives and Robbe, P. and Rodrigues, A. B. and Rodrigues, E. and Perez, P. Rodriguez and Roiser, S. and Romanovsky, V. and Vidal, A. Romero and Rotondo, M. and Rouvinet, J. and Ruf, T. and Ruiz, H. and Valls, P. Ruiz and Silva, J. J. Saborido and Sagidova, N. and Sail, P. and Saitta, B. and Guimaraes, V. Salustino and Mayordomo, C. Sanchez and Sedes, B. Sanmartin and Santacesaria, R. and Rios, C. Santamarina and Santovetti, E. and Sarti, A. and Satriano, C. and Satta, A. and Saunders, D. M. and Savrina, D. and Schiller, M. and Schindler, H. and Schlupp, M. and Schmelling, M. and Schmidt, B. and Schneider, O. and Schopper, A. and Schune, M.-H. and Schwemmer, R. and Sciascia, B. and Sciubba, A. and Semennikov, A. and Sepp, I. and Serra, N. and Serrano, J. and Sestini, L. and Seyfert, P. and Shapkin, M. and Shapoval, I. and Shcheglov, Y. and Shears, T. and Shekhtman, L. and Shevchenko, V. and Shires, A. and Coutinho, R. Silva and Simi, G. and Sirendi, M. and Skidmore, N. and Skillicorn, I. and Skwarnicki, T. and Smith, N. A. and Smith, E. and Smith, E. and Smith, J. and Smith, M. and Snoek, H. and Sokoloff, M. D. and Soler, F. J. P. and Soomro, F. and Souza, D. and De Paula, B. Souza and Spaan, B. and Sparkes, A. and Spradlin, P. and Sridharan, S. and Stagni, F. and Stahl, M. and Stahl, S. and Steinkamp, O. and Stenyakin, O. and Stevenson, S. and Stoica, S. and Stone, S. and Storaci, B. and Stracka, S. and Straticiuc, M. and Straumann, U. and Stroili, R. and Subbiah, V. K. and Sun, L. and Sutcliffe, W. and Swientek, K. and Swientek, S. and Syropoulos, V. and Szczekowski, M. and Szczypka, P. and Szumlak, T. and T'Jampens, S. and Teklishyn, M. and Tellarini, G. and Teubert, F. and Thomas, C. and Thomas, E. and van Tilburg, J. and Tisserand, V. and Tobin, M. and Tolk, S. and Tomassetti, L. and Tonelli, D. and Topp-Joergensen, S. and Torr, N. and Tournefier, E. and Tourneur, S. and Tran, M. T. and Tresch, M. and Tsaregorodtsev, A. and Tsopelas, P. and Tuning, N. and Garcia, M. Ubeda and Ukleja, A. and Ustyuzhanin, A. and Uwer, U. and Vacca, C. and Vagnoni, V. and Valenti, G. and Vallier, A. and Gomez, R. Vazquez and Regueiro, P. Vazquez and Sierra, C. Vázquez and Vecchi, S. and Velthuis, J. J. and Veltri, M. and Veneziano, G. and Vesterinen, M. and Viaud, B. and Vieira, D. and Diaz, M. Vieites and Vilasis-Cardona, X. and Vollhardt, A. and Volyanskyy, D. and Voong, D. and Vorobyev, A. and Vorobyev, V. and Voß, C. and de Vries, J. A. and Waldi, R. and Wallace, C. and Wallace, R. and Walsh, J. and Wandernoth, S. and Wang, J. and Ward, D. R. and Watson, N. K. and Websdale, D. and Whitehead, M. and Wicht, J. and Wiedner, D. and Wilkinson, G. and Williams, M. P. and Williams, M. and Wilschut, H. W. and Wilson, F. F. and Wimberley, J. and Wishahi, J. and Wislicki, W. and Witek, M. and Wormser, G. and Wotton, S. A. and Wright, S. and Wyllie, K. and Xie, Y. and Xing, Z. and Xu, Z. and Yang, Z. and Yuan, X. and Yushchenko, O. and Zangoli, M. and Zavertyaev, M. and Zhang, L. and Zhang, W. C. and Zhang, Y. and Zhelezov, A. and Zhokhov, A. and Zhong, L. and Zvyagin, A.},
	month = mar,
	year = {2015},
	note = {arXiv:1412.6352 [hep-ex]},
	keywords = {High Energy Physics - Experiment},
	pages = {1530022},
	file = {LHCb collaboration et al. - 2015 - LHCb Detector Performance.pdf:files/69/LHCb collaboration et al. - 2015 - LHCb Detector Performance.pdf:application/pdf},
}

@misc{egede_electroweak_2022,
	title = {Electroweak {Penguin} {Decays} of \$b\$-{Flavoured} {Hadrons}},
	url = {http://arxiv.org/abs/2205.05222},
	abstract = {In the past decade, electroweak penguin decays have provided a number of precision measurements, turning into one of the most competitive ways to search for New Physics that describe beyond the Standard Model phenomena. An overview of the measurements made at the B factories and hadron colliders are given and the experimental methods are presented. Experimental measurements required to provide further insight into present indications of New Physics are discussed.},
	language = {en},
	urldate = {2022-07-30},
	publisher = {arXiv},
	author = {Egede, Ulrik and Nishida, Shohei and Patel, Mitesh and Schune, Marie-Hélène},
	month = may,
	year = {2022},
	note = {arXiv:2205.05222 [hep-ex, physics:hep-ph]},
	keywords = {High Energy Physics - Experiment, High Energy Physics - Phenomenology},
	annote = {Comment: 26 pages, review},
	file = {Egede et al. - 2022 - Electroweak Penguin Decays of \$b\$-Flavoured Hadron.pdf:files/72/Egede et al. - 2022 - Electroweak Penguin Decays of \$b\$-Flavoured Hadron.pdf:application/pdf},
}

@misc{beteta_calibration_2020,
	title = {Calibration and performance of the {LHCb} calorimeters in {Run} 1 and 2 at the {LHC}},
	url = {http://arxiv.org/abs/2008.11556},
	abstract = {The calibration and performance of the LHCb Calorimeter system in Run 1 and 2 at the LHC are described. After a brief description of the sub-detectors and of their role in the trigger, the calibration methods used for each part of the system are reviewed. The changes which occurred with the increase of beam energy in Run 2 are explained. The performances of th√e calorimetry for γ and π0 are detailed. A few results from collisions recorded at s = 7, 8 and 13 TeV are shown.},
	language = {en},
	urldate = {2022-07-30},
	publisher = {arXiv},
	author = {Beteta, C. Abellán and Albero, A. Alfonso and Amhis, Y. and Barsuk, S. and Beigbeder-Beau, C. and Belyaev, I. and Bonnefoy, R. and Breton, D. and Callot, O. and Gomez, M. Calvo and Camboni, A. and Chanal, H. and Charlet, D. and Chefdeville, M. and Coco, V. and Cogneras, E. and Comerma-Montells, A. and Coquereau, S. and Deschamps, O. and Bonal, F. Domingo and Drancourt, C. and Duarte, O. and Dayot, N. Dumont and Dzhelyadin, R. and Egorychev, V. and Esperante, D. and Filippov, S. and Garrido, L. and Gascon, D. and Ghez, Ph and Gioi, L. L. and Gironell, P. Gironella and Golubkov, D. and Golutvin, A. and Gàndara, M. Grabalosa and Diaz, R. Graciani and Graugés, E. and Gushchin, E. and Guz, Yu and Hadjivasiliou, C. and Jean-Marie, B. and Konoplyannikov, A. and Kristic, R. and Kvaratskheliya, T. and Lefèvre, R. and Lefrançois, J. and Li, Y. and Machefert, F. and Machikhiliyan, I. and Marchand, J.-F. and Benito, C. Marin and Martens, A. and Martin-Sànchez, A. and Matveev, V. and Mauricio, J. and Minard, M.-N. and Monteil, S. and Niess, V. and Obraztsov, V. and Pereima, D. and Perret, P. and Olloqui, E. Picatoste and Pietrzyk, B. and Navarro, A. Puig and Rives-Molina, V. and Robbe, P. and Roselló, M. and Ruiz, H. and Mayordomo, C. Sanchez and Savrina, D. and Schopper, A. and Schune, M. H. and Semennikov, A. and Shatalov, P. and Soldatov, M. and Stenyakin, O. and Tisserand, V. and T'Jampens, S. and Tocut, V. and Tournefier, E. and Vallier, A. and Gomez, R. Vazquez and Viaud, B. and Vilasis-Cardona, X. and Winn, M. and Yushchenko, O. and Zhokhov, A.},
	month = aug,
	year = {2020},
	note = {arXiv:2008.11556 [hep-ex, physics:physics]},
	keywords = {High Energy Physics - Experiment, Physics - Instrumentation and Detectors},
	annote = {Comment: All figures and tables, along with any supplementary material and additional information, are available at http://lhcbproject.web.cern.ch/lhcbproject/Publications/LHCbProjectPublic/LHCb-DP-2020-001.html (LHCb public pages)},
	file = {Beteta et al. - 2020 - Calibration and performance of the LHCb calorimete.pdf:files/75/Beteta et al. - 2020 - Calibration and performance of the LHCb calorimete.pdf:application/pdf},
}

@misc{bao_electroweak_2022,
	title = {Electroweak {ALP} {Searches} at a {Muon} {Collider}},
	url = {http://arxiv.org/abs/2203.04328},
	abstract = {A high-energy muon collider with center-of-mass energy around and above 10 TeV is also a vector boson fusion (VBF) machine, due to the signiﬁcant virtual electroweak (EW) gauge boson content of high-energy muon beams. This feature, together with the clean environment, makes it an ideal collider to search for TeV-scale axion-like particles (ALP) coupling to Standard Model EW gauge bosons, which current and other future colliders have limited sensitivities to. We present detailed analyses of heavy ALP searches in both the VBF and associated production channels at a muon collider with diﬀerent running benchmarks. We also show projected constraints on the ALP couplings in the eﬀective ﬁeld theory, including an operator with its coeﬃcient not determined by the mixed Peccei-Quinn anomaly. We demonstrate that a muon collider could probe new ALP parameter space and push the sensitivities of the couplings between the ALP and EW gauge bosons by one order of magnitude compared to HL-LHC. The projected limits and search strategies for ALPs could also be applied to other types of resonances coupling to EW gauge bosons.},
	language = {en},
	urldate = {2022-08-14},
	publisher = {arXiv},
	author = {Bao, Yunjia and Fan, JiJi and Li, Lingfeng},
	month = mar,
	year = {2022},
	note = {arXiv:2203.04328 [hep-ex, physics:hep-ph]},
	keywords = {High Energy Physics - Experiment, High Energy Physics - Phenomenology},
	annote = {Comment: 35 pages, 13 figures},
	file = {Bao et al. - 2022 - Electroweak ALP Searches at a Muon Collider.pdf:files/82/Bao et al. - 2022 - Electroweak ALP Searches at a Muon Collider.pdf:application/pdf},
}

@misc{the_babar_collaboration_search_2021,
	title = {Search for an {Axion}-{Like} {Particle} in {B} {Meson} {Decays}},
	url = {http://arxiv.org/abs/2111.01800},
	abstract = {Axion-like particles (ALPs) are predicted in many extensions of the Standard Model, and their masses can naturally be well below the electroweak scale. In the presence of couplings to electroweak bosons, these particles could be emitted in flavor-changing \$B\$ meson decays. We report herein a search for an ALP, \$a\$, in the reaction \$B{\textasciicircum}{\textbackslash}pm{\textbackslash}rightarrow K{\textasciicircum}{\textbackslash}pm a\$, \$a{\textbackslash}rightarrow{\textbackslash}gamma{\textbackslash}gamma\$ using data collected by the BABAR experiment at SLAC. No significant signal is observed, and 90\% confidence level upper limits on the ALP coupling to electroweak bosons are derived as a function of ALP mass, improving current constraints by several orders of magnitude in the range \$0.175{\textbackslash},{\textbackslash},{\textbackslash}mathrm\{GeV\} {\textless} m\_a {\textless} 4.78{\textbackslash},{\textbackslash},{\textbackslash}mathrm\{GeV\}\$.},
	language = {en},
	urldate = {2022-08-15},
	publisher = {arXiv},
	author = {The BABAR Collaboration},
	month = nov,
	year = {2021},
	note = {arXiv:2111.01800 [hep-ex]},
	keywords = {High Energy Physics - Experiment},
	annote = {Comment: 11 pages, 8 figures, submitted to Phys. Rev. Lett},
	file = {The BABAR Collaboration - 2021 - Search for an Axion-Like Particle in B Meson Decay.pdf:files/85/The BABAR Collaboration - 2021 - Search for an Axion-Like Particle in B Meson Decay.pdf:application/pdf},
}

@misc{cheng_remarks_2011,
	title = {Remarks on {Strong} {CP}-{Violating} {Lagrangians}},
	url = {http://arxiv.org/abs/1008.4409},
	abstract = {Owing to a diﬀerent treatment of the vacuum alignment, the strong CP-violating Lagrangian obtained by Di Vecchia, Veneziano and Witten (DVW) 3 decades ago do not look quite the same as the one originally derived by Baluni at the quark or hadron level. We show that they are consistent with each other and emphasize that, within the DVW approach, the θGG˜ term is not entirely removed away after the vacuum is rotated from the CP-odd state to the CP-even one; strong CP violation resides not only in the quark mass terms but also in the residual topological sector. Contrary to some claims, it is necessary to include the SU(3)-singlet η0 tadpole contribution for strong CP-odd eﬀects induced by the Baluni-type Lagrangian to ensure that strong CP violation vanishes in the zero axial anomaly limit.},
	language = {en},
	urldate = {2022-08-22},
	publisher = {arXiv},
	author = {Cheng, Hai-Yang},
	month = may,
	year = {2011},
	note = {arXiv:1008.4409 [hep-ph, physics:nucl-th]},
	keywords = {High Energy Physics - Phenomenology, Nuclear Theory},
	annote = {Comment: 9 pages, 1 figure},
	file = {Cheng - 2011 - Remarks on Strong CP-Violating Lagrangians.pdf:files/90/Cheng - 2011 - Remarks on Strong CP-Violating Lagrangians.pdf:application/pdf},
}

@misc{czerwinski_determination_2010,
	title = {Determination of the total width of the eta-prime meson},
	url = {http://arxiv.org/abs/0909.2781},
	abstract = {The aim of this work was to determine the total width of the eta-prime meson. The investigated meson was produced via the pp-{\textgreater}ppeta-prime reaction in the collisions of beam protons from COSY synchrotron with protons from a hydrogen cluster target. The COSY-11 detector was used for the measurement of the four-momentum vectors of outgoing protons. The mass of unregistered meson was determined via the missing mass technique, while the total width was directly derived from the mass distributions established at five different beam momenta. Parallel monitoring of the crucial parameters (e.g. size and position of the target stream) and the measurement close-to-threshold permitted to obtain mass resolution of FWHM = 0.33 MeV/c{\textasciicircum}2. Based on the sample of more than 2300 reconstructed pp-{\textgreater}ppeta-prime events the determined total width of the eta-prime meson amounts to 0.226+-0.017(stat.)+-0.014(syst.) MeV, which is the most precise measurement until now.},
	language = {en},
	urldate = {2022-08-30},
	publisher = {arXiv},
	author = {Czerwinski, E.},
	month = aug,
	year = {2010},
	note = {arXiv:0909.2781 [nucl-ex]},
	keywords = {Nuclear Experiment},
	annote = {Comment: PhD Dissertation (Advisor: Pawel Moskal)},
	file = {0909.2781.pdf:files/93/0909.2781.pdf:application/pdf},
}

@misc{mazurek_new_2021,
	title = {New simulation software technologies at the {LHCb} {Experiment} at {CERN}},
	url = {http://arxiv.org/abs/2112.04789},
	abstract = {The LHCb experiment at the Large Hadron Collider (LHC) at CERN has successfully performed a large number of physics measurements during Runs 1 and 2 of the LHC. Monte Carlo simulation is key to the interpretation of these and future measurements. The LHCb experiment is currently undergoing a major detector upgrade for Run 3 of the LHC to process events with ﬁve times higher luminosity. New simulation software technologies have to be introduced to produce simulated data samples of suﬃcient size within the computing resources allocated for the next few years. Therefore, the LHCb collaboration is currently preparing an upgraded version of its Gauss simulation framework. The new version provides the LHCb speciﬁc functionality while its generic simulation infrastructure has been encapsulated in an experiment independent framework, Gaussino. The latter combines the Gaudi core software framework and the Geant4 simulation toolkit and fully exploits their multi-threading capabilities. A prototype of a fast simulation interface to the simulation toolkit is being developed as the latest addition to Gaussino to provide an extensive palette of fast simulation models, including new deep learning-based options.},
	language = {en},
	urldate = {2022-09-09},
	publisher = {arXiv},
	author = {Mazurek, Michal and Corti, Gloria and Muller, Dominik},
	month = dec,
	year = {2021},
	note = {arXiv:2112.04789 [hep-ex, physics:physics]},
	keywords = {High Energy Physics - Experiment, Physics - Instrumentation and Detectors},
	file = {Mazurek et al. - 2021 - New simulation software technologies at the LHCb E.pdf:files/96/Mazurek et al. - 2021 - New simulation software technologies at the LHCb E.pdf:application/pdf},
}

@misc{noauthor_pii_nodate,
	title = {{PII}: {S0010}-4655(01)00254-5 {\textbar} {Elsevier} {Enhanced} {Reader}},
	shorttitle = {{PII}},
	url = {https://reader.elsevier.com/reader/sd/pii/S0010465501002545?token=AAC455828BDC6CFB698EF4CD54466D38F4C780A137C9C5ED751CE93FE0334922989D4CB3923323EF2A6374CF22C86BC5&originRegion=us-east-1&originCreation=20220909021804},
	language = {en},
	urldate = {2022-09-09},
	doi = {10.1016/S0010-4655(01)00254-5},
	file = {Snapshot:files/99/S0010465501002545.html:text/html;Submitted Version:files/100/PII S0010-4655(01)00254-5  Elsevier Enhanced Rea.pdf:application/pdf},
}

@misc{noauthor_pii_nodate-1,
	title = {{PII}: {S0010}-4655(01)00254-5 {\textbar} {Elsevier} {Enhanced} {Reader}},
	shorttitle = {{PII}},
	url = {https://reader.elsevier.com/reader/sd/pii/S0010465501002545?token=E3B172E49106C1D7B84E7B703816FFE01F6B6E3FEB0BD28433BB6F09F1AD58AE89E76A5D5CAA5984D131A215B33B57B9&originRegion=us-east-1&originCreation=20220909122418},
	language = {en},
	urldate = {2022-09-09},
	doi = {10.1016/S0010-4655(01)00254-5},
	file = {Snapshot:files/102/S0010465501002545.html:text/html;Submitted Version:files/103/PII S0010-4655(01)00254-5  Elsevier Enhanced Rea.pdf:application/pdf},
}

@article{sjostrand_brief_2008,
	title = {A {Brief} {Introduction} to {PYTHIA} 8.1},
	volume = {178},
	issn = {00104655},
	url = {http://arxiv.org/abs/0710.3820},
	doi = {10.1016/j.cpc.2008.01.036},
	abstract = {The PYTHIA program is a standard tool for the generation of high-energy collisions, comprising a coherent set of physics models for the evolution from a few-body hard process to a complex multihadronic final state. It contains a library of hard processes and models for initial- and final-state parton showers, multiple parton-parton interactions, beam remnants, string fragmentation and particle decays. It also has a set of utilities and interfaces to external programs. While previous versions were written in Fortran, PYTHIA 8 represents a complete rewrite in C++. The current release is the first main one after this transition, and does not yet in every respect replace the old code. It does contain some new physics aspects, on the other hand, that should make it an attractive option especially for LHC physics studies.},
	language = {en},
	number = {11},
	urldate = {2022-09-10},
	journal = {Computer Physics Communications},
	author = {Sjöstrand, Torbjörn and Mrenna, Stephen and Skands, Peter},
	month = jun,
	year = {2008},
	note = {arXiv:0710.3820 [hep-ph]},
	keywords = {High Energy Physics - Phenomenology},
	pages = {852--867},
	annote = {Comment: 27 pages},
	file = {Sjöstrand et al. - 2008 - A Brief Introduction to PYTHIA 8.1.pdf:files/104/Sjöstrand et al. - 2008 - A Brief Introduction to PYTHIA 8.1.pdf:application/pdf},
}

@misc{noauthor_pii_nodate-2,
	title = {{PII}: {S0168}-9002(01)00089-4 {\textbar} {Elsevier} {Enhanced} {Reader}},
	shorttitle = {{PII}},
	url = {https://reader.elsevier.com/reader/sd/pii/S0168900201000894?token=C08EE229E20FCD954562BB34928E11F551E21214B94D842A5C0D511942576DE725076E50DB6D511ACB82B0DBE63F3E92&originRegion=us-east-1&originCreation=20220912030106},
	language = {en},
	urldate = {2022-09-12},
	doi = {10.1016/S0168-9002(01)00089-4},
	file = {Snapshot:files/108/S0168900201000894.html:text/html},
}

@article{bauer_collider_2017,
	title = {Collider {Probes} of {Axion}-{Like} {Particles}},
	volume = {2017},
	issn = {1029-8479},
	url = {wilson http://arxiv.org/abs/1708.00443},
	doi = {10.1007/JHEP12(2017)044},
	abstract = {Axion-like particles (ALPs), which are gauge-singlets under the Standard Model (SM), appear in many well-motivated extensions of the SM. Describing the interactions of ALPs with SM ﬁelds by means of an eﬀective Lagrangian, we discuss ALP decays into SM particles at one-loop order, including for the ﬁrst time a calculation of the a → πππ decay rates for ALP masses below a few GeV. We argue that, if the ALP couples to at least some SM particles with couplings of order (0.01 − 1) TeV−1, its mass must be above 1 MeV. Taking into account the possibility of a macroscopic ALP decay length, we show that large regions of so far unconstrained parameter space can be explored by searches for the exotic, on-shell Higgs and Z decays h → Za, h → aa and Z → γa in Run-2 of the LHC with an integrated luminosity of 300 fb−1. This includes the parameter space in which ALPs can explain the anomalous magnetic moment of the muon. Considering subsequent ALP decays into photons and charged leptons, we show that the LHC provides unprecedented sensitivity to the ALP–photon and ALP–lepton couplings in the mass region above a few MeV, even if the relevant ALP couplings are loop suppressed and the a → γγ and a → + − branching ratios are signiﬁcantly less than 1. We also discuss constraints on the ALP parameter space from electroweak precision tests.},
	language = {en},
	number = {12},
	urldate = {2022-09-20},
	journal = {Journal of High Energy Physics},
	author = {Bauer, Martin and Neubert, Matthias and Thamm, Andrea},
	month = dec,
	year = {2017},
	note = {arXiv:1708.00443 [hep-ph]},
	keywords = {High Energy Physics - Phenomenology},
	pages = {44},
	annote = {Comment: 63 pages, 28 figures. The presentation of constraints from ALP decays in photons and leptons is extended, benchmarks are added, limits on ALPs from a Babar search for four muon final states are computed, bounds from the non-observation of a photon bursts in supernovae are included and the validity of the Edelweiss bounds is discussed. This version matches the version published in JHEP},
	file = {1708.00443.pdf:files/109/1708.00443.pdf:application/pdf},
}
